%% This BibTeX bibliography file was created using BibDesk.
%% http://bibdesk.sourceforge.net/

%% Created for ****** at 2017-09-06 18:00:23 +0200 


%% Saved with string encoding Unicode (UTF-8) 



@book{Georgiev:2012,
	Author = {Kiril Georgiev and Atanas Kolev},
	Date-Added = {2017-09-06 15:20:36 +0000},
	Date-Modified = {2017-09-06 15:20:39 +0000},
	Edition = {2d},
	Isbn = {9789548782906},
	Month = {10},
	Publisher = {Chess Stars},
	Timestamp = {2017.09.06},
	Title = {Sharpest Sicilian 2012},
	Totalpages = {332},
	Url = {http://amazon.com/o/ASIN/9548782901/},
	Year = {2012},
	Bdsk-Url-1 = {http://amazon.com/o/ASIN/9548782901/}}

@book{Palliser:2007,
	Author = {Richard Palliser},
	Date-Added = {2017-09-06 15:16:48 +0000},
	Date-Modified = {2017-09-06 15:16:51 +0000},
	Edition = {1st},
	Isbn = {9781857445206},
	Month = {8},
	Price = {$26.95},
	Publisher = {Everyman Chess},
	Timestamp = {2017.09.06},
	Title = {Fighting the Anti-Sicilians: Combating 2 c3, the Closed, the Morra Gambit and other tricky ideas (Everyman Chess)},
	Totalpages = {256},
	Url = {http://amazon.com/o/ASIN/1857445201/},
	Year = {2007},
	Bdsk-Url-1 = {http://amazon.com/o/ASIN/1857445201/}}

@book{Khalifman:2002,
	Author = {Alexander Khalifman},
	Date-Added = {2017-09-01 19:46:58 +0000},
	Date-Modified = {2017-09-01 19:47:01 +0000},
	Isbn = {9789548782241},
	Month = {12},
	Price = {$28.00},
	Publisher = {Chess Stars},
	Timestamp = {2017.09.01},
	Title = {Opening for White according to Kramnik 1.Nf3, Volume 5 (Repertoire Books)},
	Totalpages = {272},
	Url = {http://amazon.com/o/ASIN/9548782243/},
	Year = {2002},
	Bdsk-Url-1 = {http://amazon.com/o/ASIN/9548782243/}}

@book{Schandorff:2012a,
	Author = {Lars Schandorff},
	Date-Added = {2017-07-12 11:40:03 +0000},
	Date-Modified = {2017-07-12 11:40:09 +0000},
	Edition = {1st},
	Isbn = {9781907982163},
	Publisher = {Quality Chess},
	Timestamp = {2017.07.12},
	Title = {Playing 1.d4 The Queen's Gambit},
	Url = {http://amazon.com/o/ASIN/1907982167/},
	Year = {2012},
	Bdsk-Url-1 = {http://amazon.com/o/ASIN/1907982167/}}

@book{Avrukh:2010,
	Author = {Boris Avrukh},
	Date-Added = {2017-07-08 15:54:14 +0000},
	Date-Modified = {2017-07-08 15:54:19 +0000},
	Edition = {First},
	Isbn = {9781906552336},
	Month = {2},
	Price = {$34.95},
	Publisher = {Quality Chess},
	Timestamp = {2017.07.08},
	Title = {Grandmaster Repertoire 2: 1.d4 Volume Two},
	Totalpages = {616},
	Url = {http://amazon.com/o/ASIN/1906552339/},
	Year = {2010},
	Bdsk-Url-1 = {http://amazon.com/o/ASIN/1906552339/}}

@book{Schandorff:2012,
	Author = {Lars Schandorff},
	Date-Added = {2017-07-08 09:43:57 +0000},
	Date-Modified = {2017-07-08 09:44:03 +0000},
	Edition = {1},
	Isbn = {9781907982170},
	Month = {11},
	Price = {$29.95},
	Publisher = {Quality Chess},
	Timestamp = {2017.07.08},
	Title = {Playing 1.d4:: The Indian Defences (Grandmaster Guide)},
	Totalpages = {248},
	Url = {http://amazon.com/o/ASIN/1907982175/},
	Year = {2012},
	Bdsk-Url-1 = {http://amazon.com/o/ASIN/1907982175/}}

@book{Georgiev:2010,
	Author = {Kiril Georgiev},
	Date-Added = {2017-05-10 12:56:58 +0000},
	Date-Modified = {2017-05-10 12:57:02 +0000},
	Isbn = {9789548782753},
	Month = {3},
	Publisher = {Chess Stars},
	Timestamp = {2017.05.10},
	Title = {Squeezing the Gambits: The Benko, Budapest, Albin and Blumenfeld},
	Totalpages = {192},
	Url = {http://amazon.com/o/ASIN/9548782758/},
	Year = {2010},
	Bdsk-Url-1 = {http://amazon.com/o/ASIN/9548782758/}}

@book{NCO,
	Author = {John Nunn},
	Date-Added = {2017-04-18 12:43:24 +0000},
	Date-Modified = {2017-04-18 12:45:31 +0000},
	Publisher = {Everyman Chess},
	Title = {Nunn's Chess Openings},
	Year = {1999}}

@book{Emms:2004,
	Author = {John Emms},
	Date-Added = {2017-04-02 19:45:40 +0000},
	Date-Modified = {2017-04-02 19:47:09 +0000},
	Publisher = {Everyman Chess},
	Title = {Starting Out: The Queen's Indian},
	Year = {2004}}

@book{Yrjola:2003,
	Author = {Yrjola, J. and Tella, J.},
	Date-Added = {2017-03-31 12:15:18 +0000},
	Date-Modified = {2017-03-31 12:15:21 +0000},
	Isbn = {9781901983906},
	Publisher = {Gambit Publications, Limited},
	Title = {The Queen's Indian},
	Url = {https://books.google.de/books?id=evQKAAAACAAJ},
	Year = {2003},
	Bdsk-Url-1 = {https://books.google.de/books?id=evQKAAAACAAJ}}

@book{Dreev:2016,
	Author = {Dreev, Alexey},
	Date-Added = {2017-02-28 15:35:26 +0000},
	Date-Modified = {2017-02-28 15:51:21 +0000},
	Publisher = {Chess Stars},
	Title = {Bf4 in the Queen's Gambit and the Exchange Slav},
	Year = {2016}}

@book{Vigorito:2007,
	Author = {Vigorito, D.},
	Date-Added = {2017-02-27 23:49:52 +0000},
	Date-Modified = {2017-02-27 23:49:55 +0000},
	Isbn = {9789197600552},
	Publisher = {Quality Chess},
	Title = {Challenging the Nimzo-Indian},
	Url = {https://books.google.de/books?id=359ePQAACAAJ},
	Year = {2007},
	Bdsk-Url-1 = {https://books.google.de/books?id=359ePQAACAAJ}}

@book{Cox:2005,
	Author = {Cox, J.},
	Date-Added = {2017-02-06 22:31:06 +0000},
	Date-Modified = {2017-02-06 22:31:10 +0000},
	Isbn = {9781857443998},
	Publisher = {Everyman Chess},
	Series = {Everyman Chess Series},
	Title = {Dealing with D4 Deviations: Fighting the Trompowsky, Torre, Blackmar-Diemer, Stonewall, Colle and Other Problem Openings},
	Url = {https://books.google.de/books?id=BbvbGwAACAAJ},
	Year = {2005},
	Bdsk-Url-1 = {https://books.google.de/books?id=BbvbGwAACAAJ}}

@book{Rogozenko:2003,
	Author = {Rogozenko, D.},
	Date-Added = {2017-01-17 16:59:28 +0000},
	Date-Modified = {2017-01-17 16:59:31 +0000},
	Isbn = {9781901983845},
	Publisher = {Gambit Publications, Limited},
	Title = {Anti-Sicilians - A Guide for Black},
	Url = {https://books.google.de/books?id=UcAGAAAACAAJ},
	Year = {2003},
	Bdsk-Url-1 = {https://books.google.de/books?id=UcAGAAAACAAJ}}

@book{Wells:2006,
	Author = {Wells, P.},
	Date-Added = {2017-01-14 16:36:06 +0000},
	Date-Modified = {2017-01-14 16:36:09 +0000},
	Isbn = {9781904600497},
	Publisher = {Gambit Publications, Limited},
	Series = {Chess explained},
	Title = {The Queen's Indian},
	Url = {https://books.google.de/books?id=u4gSAAAACAAJ},
	Year = {2006},
	Bdsk-Url-1 = {https://books.google.de/books?id=u4gSAAAACAAJ}}

@book{Bogdanov:2009,
	Author = {Valentin Bogdanov},
	Date-Added = {2016-08-20 19:01:32 +0000},
	Date-Modified = {2016-08-20 19:02:05 +0000},
	Publisher = {Gambit},
	Title = {Chess Explained: The Gr{\"u}nfeld},
	Year = {2009}}

@book{Aagaard:2004,
	Author = {Aagaard, J.},
	Date-Added = {2016-08-20 18:55:41 +0000},
	Date-Modified = {2016-08-20 18:55:43 +0000},
	Isbn = {9781857443509},
	Publisher = {Everyman Chess},
	Series = {Everyman chess series},
	Title = {Starting Out: The Gr{\"u}nfeld},
	Url = {https://books.google.de/books?id=cTASPQAACAAJ},
	Year = {2004},
	Bdsk-Url-1 = {https://books.google.de/books?id=cTASPQAACAAJ}}

@book{Palliser:2006,
	Author = {Palliser, R.},
	Date-Added = {2015-09-25 09:51:42 +0000},
	Date-Modified = {2015-09-25 09:51:46 +0000},
	Isbn = {9781857444148},
	Publisher = {Everyman Chess},
	Series = {Everyman chess series},
	Title = {Starting Out: Closed Sicilian},
	Url = {https://books.google.de/books?id=iGHHHAAACAAJ},
	Year = {2006},
	Bdsk-Url-1 = {https://books.google.de/books?id=iGHHHAAACAAJ}}

@book{Euwe:1985,
	Author = {Euwe, M. and van der Sterren, P.},
	Date-Added = {2015-05-02 15:19:11 +0000},
	Date-Modified = {2015-05-04 07:58:27 +0000},
	Publisher = {Verlag Das Schach-Archiv},
	Series = {Theorie der Schach-Er{\"o}ffnungen / M. Euwe},
	Title = {Damengambit I-II},
	Url = {https://books.google.de/books?id=TSbrcQAACAAJ},
	Year = {1985},
	Bdsk-Url-1 = {https://books.google.de/books?id=TSbrcQAACAAJ}}

@book{Avrukh:2013,
	Author = {Avrukh, B.},
	Date-Added = {2014-12-03 11:37:34 +0000},
	Date-Modified = {2014-12-03 11:37:34 +0000},
	Isbn = {9781907982125},
	Publisher = {Quality Chess Europe},
	Series = {Grandmaster Repertoire},
	Title = {Beating 1.d4 Sidelines},
	Url = {http://books.google.de/books?id=IP9yMAEACAAJ},
	Year = {2013},
	Bdsk-Url-1 = {http://books.google.de/books?id=IP9yMAEACAAJ}}

@book{Gufeld:1985,
	Author = {E. Gufeld},
	Date-Added = {2014-09-27 21:40:53 +0000},
	Date-Modified = {2015-05-02 15:19:26 +0000},
	Publisher = {Schachverlag Rudi Schmaus},
	Title = {Sizilianische Verteidigung Drachen-System},
	Year = {1985}}

@book{Alburt:2009,
	Author = {Alburt, L. and Dzindzichashvili, R. and Perelshteyn, E. and Lawrence, A.},
	Date-Added = {2014-09-22 09:23:28 +0000},
	Date-Modified = {2015-05-02 15:19:32 +0000},
	Isbn = {9781889323183},
	Publisher = {Chess Information and Research Center},
	Series = {Alburt's chess openings},
	Title = {Chess Openings for Black, Explained: A Complete Repertoire},
	Url = {http://books.google.de/books?id=cUTRNwAACAAJ},
	Year = {2009},
	Bdsk-Url-1 = {http://books.google.de/books?id=cUTRNwAACAAJ}}

@book{Sadler:2000,
	Author = {Sadler, M.},
	Date-Added = {2014-08-08 22:31:38 +0000},
	Date-Modified = {2015-05-02 15:19:17 +0000},
	Isbn = {9781857442564},
	Publisher = {Everyman Chess},
	Series = {Everyman chess},
	Title = {Queen's Gambit Declined},
	Url = {http://books.google.de/books?id=wEckHQAACAAJ},
	Year = {2000},
	Bdsk-Url-1 = {http://books.google.de/books?id=wEckHQAACAAJ}}

@book{Avrukh:2008,
	Author = {Avrukh, B.},
	Date-Added = {2013-11-10 21:09:01 +0000},
	Date-Modified = {2014-12-03 11:37:45 +0000},
	Isbn = {9781906552053},
	Publisher = {Quality Chess Europe},
	Series = {1},
	Title = {Grandmaster Repertoire 1: 1. D4 Volume One},
	Url = {http://books.google.de/books?id=h6n-OwAACAAJ},
	Year = {2008},
	Bdsk-Url-1 = {http://books.google.de/books?id=h6n-OwAACAAJ}}

@book{McDonald:2006,
	Author = {McDonald, N.},
	Date-Added = {2013-10-28 19:57:43 +0000},
	Date-Modified = {2015-05-02 15:19:24 +0000},
	Isbn = {9781857444261},
	Publisher = {EVERYMAN CHESS},
	Series = {Everyman chess},
	Title = {Starting Out: Queen's Gambit Declined},
	Url = {http://books.google.de/books?id=Roo9AQAACAAJ},
	Year = {2006},
	Bdsk-Url-1 = {http://books.google.de/books?id=Roo9AQAACAAJ}}

@book{Greet:2008,
	Author = {Greet, A.},
	Date-Added = {2013-10-07 19:44:32 +0000},
	Date-Modified = {2015-05-02 15:19:29 +0000},
	Isbn = {9781857445305},
	Publisher = {EVERYMAN CHESS},
	Series = {Everyman Chess Series},
	Title = {Starting Out, The Accelerated Dragon: Fundamental Coverage of a Dynamic Sicilian},
	Url = {http://books.google.de/books?id=hibsAAAACAAJ},
	Year = {2008},
	Bdsk-Url-1 = {http://books.google.de/books?id=hibsAAAACAAJ}}

@book{Palliser:2003,
	Author = {Palliser, R.},
	Date-Added = {2013-10-03 20:56:13 +0000},
	Date-Modified = {2015-05-02 15:19:21 +0000},
	Isbn = {9780713488449},
	Lccn = {2004295163},
	Number = {pt. 4},
	Publisher = {B.T. Batsford},
	Series = {A Batsford chess book},
	Title = {Play 1d4!},
	Url = {http://books.google.de/books?id=iUswjmozshAC},
	Year = {2003},
	Bdsk-Url-1 = {http://books.google.de/books?id=iUswjmozshAC}}
